@article{stott2010reducibility,
  title={On reducibility and ergodicity of population projection matrix models},
  author={Stott, Iain and Townley, Stuart and Carslake, David and Hodgson, David J},
  journal={Methods in Ecology and Evolution},
  volume={1},
  number={3},
  pages={242--252},
  year={2010},
  publisher={Wiley Online Library}
}
@article{hens2017low,
  title={Low population viability in small endangered orchid populations: Genetic variation, seedling recruitment and stochasticity},
  author={Hens, Hilde and Pakanen, Veli-Matti and J{\"a}k{\"a}l{\"a}niemi, Anne and Tuomi, Juha and Kvist, Laura},
  journal={Biological Conservation},
  volume={210},
  pages={174--183},
  year={2017},
  publisher={Elsevier}
}

@article{ackerman1996seedling,
  title={Seedling establishment in an epiphytic orchid: an experimental study of seed limitation},
  author={Ackerman, James D and Sabat, A and Zimmerman, JK},
  journal={Oecologia},
  volume={106},
  pages={192--198},
  year={1996},
  publisher={Springer}
}

@article{whigham2006seed,
  title={Seed longevity in terrestrial orchids--potential for persistent in situ seed banks},
  author={Whigham, Dennis F and O’Neill, John P and Rasmussen, Hanne N and Caldwell, Bruce A and McCormick, Melissa K},
  journal={Biological conservation},
  volume={129},
  number={1},
  pages={24--30},
  year={2006},
  publisher={Elsevier}
}


@article{rasmussen1993seed,
  title={Seed ecology of dust seeds in situ: a new study technique and its application in terrestrial orchids},
  author={Rasmussen, Hanne N and Whigham, Dennis F},
  journal={American journal of botany},
  volume={80},
  number={12},
  pages={1374--1378},
  year={1993},
  publisher={Wiley Online Library}
}


@article{turnbull2000plant,
  title={Are plant populations seed-limited? A review of seed sowing experiments},
  author={Turnbull, Lindsay A and Crawley, Michael J and Rees, Mark},
  journal={Oikos},
  volume={88},
  number={2},
  pages={225--238},
  year={2000},
  publisher={Wiley Online Library}
}

@article{tremblay2003population,
  title={Population dynamics in orchid conservation: a review of analytical methods based on the rare species Lepanthes eltoroensis},
  author={Tremblay, Raymond L and Hutchings, Michael J},
  journal={Orchid conservation. Kota Kinabalu: Natural History Publications (Borneo)},
  pages={183--204},
  year={2003}
}


@article{mcgraw1996estimation,
  title={Estimation of individual fitness from life-history data},
  author={McGraw, James B and Caswell, Hal},
  journal={The American Naturalist},
  volume={147},
  number={1},
  pages={47--64},
  year={1996},
  publisher={University of Chicago Press}
}



@article{cook1983clonal,
  title={Clonal plant populations: A knowledge of clonal structure can affect the interpretation of data in a broad range of ecological and evolutionary studies},
  author={Cook, Robert E},
  journal={American scientist},
  volume={71},
  number={3},
  pages={244--253},
  year={1983},
  publisher={JSTOR}
}

@article{rasmussen2015germination,
  title={Germination and seedling establishment in orchids: a complex of requirements},
  author={Rasmussen, Hanne N and Dixon, Kingsley W and Jers{\'a}kov{\'a}, Jana and T{\v{e}}{\v{s}}itelov{\'a}, Tamara},
  journal={Annals of Botany},
  volume={116},
  number={3},
  pages={391--402},
  year={2015},
  publisher={Oxford University Press}
}

@article{torres2015seed,
  title={Seed production and recruitment in primary and harvested Nothofagus pumilio forests: influence of regional climate and years after cuttings},
  author={Torres, Ana Delia and Cellini, Juan Manuel and Lencinas, Mar{\'\i}a Vanessa and Barrera, Marcelo Daniel and Soler, Rosina and D{\'\i}az Delgado, Ricardo and Mart{\'\i}nez Pastur, Guillermo},
  journal={Forest Systems},
  volume={24},
  year={2015}
}

@Book{xie2015,
  title = {Dynamic Documents with {R} and knitr},
  author = {Yihui Xie},
  publisher = {Chapman and Hall/CRC},
  address = {Boca Raton, Florida},
  year = {2015},
  edition = {2nd},
  note = {ISBN 978-1498716963},
  url = {http://yihui.org/knitr/},
}

@article{crouse1987stage,
  title={A stage-based population model for loggerhead sea turtles and implications for conservation},
  author={Crouse, Deborah T and Crowder, Larry B and Caswell, Hal},
  journal={Ecology},
  volume={68},
  number={5},
  pages={1412--1423},
  year={1987},
  publisher={Wiley Online Library}
}


@article{shaffer1985population,
  title={Population size and extinction: a note on determining critical population sizes},
  author={Shaffer, Mark L and Samson, Fred B},
  journal={The American Naturalist},
  volume={125},
  number={1},
  pages={144--152},
  year={1985},
  publisher={University of Chicago Press}
}

@article{pellegrino2014effects,
  title={Effects of human disturbance on reproductive success and population viability of Serapias cordigera (Orchidaceae)},
  author={Pellegrino, Giuseppe and Bellusci, Francesca},
  journal={Botanical Journal of the Linnean Society},
  volume={176},
  number={3},
  pages={408--420},
  year={2014},
  publisher={Oxford University Press}
}


@article{harris2022abundance,
  title={The abundance and persistence of Caprinae populations},
  author={Harris, Grant M and Butler, Matthew J and Stewart, David R and Cain III, James W},
  journal={Scientific Reports},
  volume={12},
  number={1},
  pages={13807},
  year={2022},
  publisher={Nature Publishing Group UK London}
}

@article{nunney1993assessing,
  title={Assessing minimum viable population size: demography meets population genetics},
  author={Nunney, Leonard and Campbell, Kathleen A},
  journal={Trends in Ecology \& Evolution},
  volume={8},
  number={7},
  pages={234--239},
  year={1993},
  publisher={Elsevier}
}

@article{crowder1994predicting,
  title={Predicting the impact of turtle excluder devices on loggerhead sea turtle populations},
  author={Crowder, Larry B and Crouse, Deborah T and Heppell, Selina S and Martin, Thomas H},
  journal={Ecological applications},
  volume={4},
  number={3},
  pages={437--445},
  year={1994},
  publisher={Wiley Online Library}
}

@article{temple1977plant,
  title={Plant-animal mutualism: coevolution with dodo leads to near extinction of plant},
  author={Temple, Stanley A},
  journal={Science},
  volume={197},
  number={4306},
  pages={885--886},
  year={1977},
  publisher={American Association for the Advancement of Science}
}

@article{tremblay2005variation,
  title={Variation in sexual reproduction in orchids and its evolutionary consequences: a spasmodic journey to diversification},
  author={Tremblay, Raymond L and Ackerman, James D and Zimmerman, Jess K and Calvo, Ricardo N},
  journal={Biological Journal of the Linnean Society},
  volume={84},
  number={1},
  pages={1--54},
  year={2005},
  publisher={Oxford University Press}
}

@article{damon2000review,
  title={A review of the biology and control of the coffee berry borer, Hypothenemus hampei (Coleoptera: Scolytidae)},
  author={Damon, Anne},
  journal={Bulletin of entomological research},
  volume={90},
  number={6},
  pages={453--465},
  year={2000},
  publisher={Cambridge University Press}
}


@article{pares2008agricultural,
  title={Agricultural abandonment, suburban growth, and forest expansion in Puerto Rico between 1991 and 2000},
  author={Par{\'e}s-Ramos, Isabel K and Gould, William A and Aide, T Mitchell},
  journal={Ecology and Society},
  volume={13},
  number={2},
  year={2008},
  publisher={JSTOR}
}

@article{aide2013deforestation,
  title={Deforestation and Reforestation of L atin A merica and the C aribbean (2001--2010)},
  author={Aide, T Mitchell and Clark, Matthew L and Grau, H Ricardo and L{\'o}pez-Carr, David and Levy, Marc A and Redo, Daniel and Bonilla-Moheno, Martha and Riner, George and Andrade-N{\'u}{\~n}ez, Mar{\'\i}a J and Mu{\~n}iz, Mar{\'\i}a},
  journal={Biotropica},
  volume={45},
  number={2},
  pages={262--271},
  year={2013},
  publisher={Wiley Online Library}
}

@book{caswell2000matrix,
  title={Matrix population models},
  author={Caswell, Hal},
  volume={1},
  year={2000},
  publisher={Sinauer Sunderland, MA}
}

@article{whigham2006seed,
  title={Seed longevity in terrestrial orchids--potential for persistent in situ seed banks},
  author={Whigham, Dennis F and O’Neill, John P and Rasmussen, Hanne N and Caldwell, Bruce A and McCormick, Melissa K},
  journal={Biological conservation},
  volume={129},
  number={1},
  pages={24--30},
  year={2006},
  publisher={Elsevier}
}


@article{rasmussen1993seed,
  title={Seed ecology of dust seeds in situ: a new study technique and its application in terrestrial orchids},
  author={Rasmussen, Hanne N and Whigham, Dennis F},
  journal={American journal of botany},
  volume={80},
  number={12},
  pages={1374--1378},
  year={1993},
  publisher={Wiley Online Library}
}


@article{gascoigne2023standard,
  title={A standard protocol to report discrete stage-structured demographic information},
  author={Gascoigne, Samuel JL and Rolph, Simon and Sankey, Daisy and Nidadavolu, Nagalakshmi and Stell Pi{\v{c}}man, Adrian S and Hern{\'a}ndez, Christina M and Philpott, Matthew ER and Salam, Aiyla and Bernard, Connor and Fenollosa, Erola and others},
  journal={Methods in Ecology and Evolution},
  year={2023},
  publisher={Wiley Online Library}
}


@article{gale2010constraints,
  title={Constraints on establishment in an endangered terrestrial orchid: a comparative study of in vitro and in situ seed germinability and seedling development in Nervilia nipponica},
  author={Gale, Stephan W and Yamazaki, Jun and Hutchings, Michael J and Yukawa, Tomohisa and Miyoshi, Kazumitsu},
  journal={Botanical Journal of the Linnean Society},
  volume={163},
  number={2},
  pages={166--180},
  year={2010},
  publisher={Oxford University Press}
}